<record><leader>00000cas a2200000 a 4500</leader><controlfield tag="001">11987914</controlfield><controlfield tag="008">850501d19471950ksuwr ne      0    0eng d</controlfield><datafield ind1=" " ind2=" " tag="010"><subfield code="a">sn 85031273 </subfield></datafield><datafield ind1=" " ind2=" " tag="040"><subfield code="a">KSH</subfield><subfield code="b">eng</subfield><subfield code="c">KSH</subfield><subfield code="d">NPT</subfield><subfield code="d">OCL</subfield><subfield code="d">OCLCQ</subfield></datafield><datafield ind1=" " ind2=" " tag="042"><subfield code="a">msc</subfield></datafield><datafield ind1="0" ind2="4" tag="245"><subfield code="a">The South Nemaha County leader.</subfield></datafield><datafield ind1=" " ind2=" " tag="260"><subfield code="a">Centralia, Kan. :</subfield><subfield code="b">Sun Press and Clark &amp; Lucille Hord,</subfield><subfield code="c">-1950.</subfield></datafield><datafield ind1=" " ind2=" " tag="300"><subfield code="a">v. :</subfield><subfield code="b">ill. ;</subfield><subfield code="c">55 cm.</subfield></datafield><datafield ind1=" " ind2=" " tag="310"><subfield code="a">Weekly</subfield></datafield><datafield ind1="0" ind2=" " tag="362"><subfield code="a">-v. 2, no. 48 (Sept. 7, 1950).</subfield></datafield><datafield ind1="1" ind2=" " tag="362"><subfield code="a">Began in 1947.</subfield><subfield code="z">Cf. Ayer, 1950.</subfield></datafield><datafield ind1=" " ind2=" " tag="500"><subfield code="a">"Serving the Wetmore, Goff and Corning area."</subfield></datafield><datafield ind1=" " ind2=" " tag="588"><subfield code="a">Description based on: Vol. 2, no. 3 (Oct. 20, 1949).</subfield></datafield><datafield ind1=" " ind2=" " tag="752"><subfield code="a">United States</subfield><subfield code="b">Kansas</subfield><subfield code="c">Nemaha</subfield><subfield code="d">Centralia.</subfield></datafield><datafield ind1="0" ind2="7" tag="785"><subfield code="t">Centralia journal</subfield><subfield code="w">(DLC)sn 85031271</subfield></datafield><datafield ind1="0" ind2="7" tag="785"><subfield code="t">Nemaha County journal-leader</subfield><subfield code="w">(DLC)sn 85031272</subfield></datafield></record>